@INPROCEEDINGS{Overview_Smith,
  author={Smith, R.},
  booktitle={Ninth International Conference on Document Analysis and Recognition (ICDAR 2007)}, 
  title={An Overview of the Tesseract OCR Engine}, 
  year={2007},
  volume={2},
  number={},
  pages={629-633},
  keywords={Optical character recognition software;Search engines;Testing;Open source software;Text recognition;Filters;Prototypes;Independent component analysis;Pipelines;Inspection},
  doi={10.1109/ICDAR.2007.4376991}}

@unknown{Overview_Akhil,
author = {S., Akhil},
year = {2016},
month = {12},
pages = {},
title = {Overview of Tesseract OCR engine}
}

@misc{github_repo,
    author = {Tesseract},
    url = {https://github.com/tesseract-ocr/tesseract},
    year = {2024},
    title = {tesseract}
}

@misc{pinecone,
    author = {unknown},
    title  = {Locality Sensitive Hashing (LSH): The Illustrated Guide},
    url = {https://www.pinecone.io/learn/series/faiss/locality-sensitive-hashing/}
}

@article{geeks,
    author = {GeeksforGeeks},
    title = {Quadratic Interpolation},
    year = {2024}
}

@INPROCEEDINGS{food,
  author={Čakić, Stevan and Popović, Tomo and Šandi, Stevan and Krčo, Srđan and Gazivoda, Anita},
  booktitle={2020 24th International Conference on Information Technology (IT)}, 
  title={The Use of Tesseract OCR Number Recognition for Food Tracking and Tracing}, 
  year={2020},
  volume={},
  number={},
  pages={1-4},
  keywords={Optical character recognition software;Tools;Image recognition;Engines;Computer vision;Mobile handsets;Cameras;computer vision;digital transformation;food tracking and tracing;OCR;Tesseract;wine authentication},
  doi={10.1109/IT48810.2020.9070558}}

@webpage{cv_dilate, url = {https://docs.opencv.org/3.4/db/df6/tutorial_erosion_dilatation.html}, title = {Eroding and Dilating}}

@webpage{cv_gaussian, url = {https://docs.opencv.org/4.x/d4/d13/tutorial_py_filtering.html}, title = {Smoothing Images}}

@webpage{medium_gauss,
    author = {Annmay Sharma},
    title = {How Image Filtering is used to Improve Picture Quality},
    year = {2021},
    url = {https://annmay10.medium.com/how-image-filtering-is-used-to-improve-picture-quality-761d1c2b2854}
}

@article{automatic,
author = {Agbemenu, Andrew and Yankey, Jepthah and O., Ernest},
year = {2018},
month = {05},
pages = {1-5},
title = {An Automatic Number Plate Recognition System using OpenCV and Tesseract OCR Engine},
volume = {180},
journal = {International Journal of Computer Applications},
doi = {10.5120/ijca2018917150}
}

@wepage{CCA, url ={https://pyimagesearch.com/2021/02/22/opencv-connected-component-labeling-and-analysis/}, author = {Adrian Rosebrock}, year = {2021}}

@misc{yolo,
  author = {Amany M. Sarhan and Hesham A. Ali and Mariam Wagdi and others},
  title = {CV Content Recognition and Organization Framework based on YOLOv8 and Tesseract-OCR Deep Learning Models},
  year = {2024},
  month = {September},
  note = {PREPRINT (Version 1)},
  published = {\url{https://doi.org/10.21203/rs.3.rs-4947322/v1}},
}

@thesis{bullets,
  author = {Rantanen, Onni-Petteri},
  title = {Detecting In-Game Toxicity via Bullet Hole Patterns Using Image Recognition},
  year = {2024},
  type = {Bachelor's thesis},
  institution  = {Häme University of Applied Sciences},
  url = {http://www.theseus.fi/handle/10024/866621},
}


@misc{inksight,
      title={InkSight: Offline-to-Online Handwriting Conversion by Learning to Read and Write}, 
      author={Blagoj Mitrevski and Arina Rak and Julian Schnitzler and Chengkun Li and Andrii Maksai and Jesse Berent and Claudiu Musat},
      year={2024},
      eprint={2402.05804},
      archivePrefix={arXiv},
      primaryClass={cs.CV},
      url={https://arxiv.org/abs/2402.05804}, 
}

@article{do_dyslexia_fonts,
  author = {Youki Terada},
  title = {Do Dyslexia Fonts Actually Work?},
  journal = {Edutopia},
  year = {2022},
  month = {June},
  url = {https://www.edutopia.org/article/do-dyslexia-fonts-actually-work}
}
@article{effects_of_dyslexia,
  author = {Jessica J. Wery and Jennifer A. Diliberto},
  title = {The effect of a specialized dyslexia font, OpenDyslexic, on reading rate and accuracy},
  journal = {Annals of Dyslexia},
  volume = {67},
  number = {1},
  pages = {114--127},
  year = {2017},
  doi = {10.1007/s11881-016-0127-1},
  publisher = {Springer},
  url = {https://link.springer.com/article/10.1007/s11881-016-0127-1}
}
@misc{freefontsfamily,
  author = {{Free Fonts Family}},
  title = {Free Fonts Family - Free Download Fonts for Personal and Commercial Use},
  year = {2024},
  url = {https://freefontsfamily.org/},
}
@misc{googlefonts,
  author = {{Google Fonts}},
  title = {Google Fonts - Making the Web More Beautiful, Fast, and Open Through Great Typography},
  year = {2024},
  url = {https://fonts.google.com/},
}

@misc{opendyslexic,
  author = {{OpenDyslexic}},
  title = {OpenDyslexic - Open Source Dyslexia Typeface},
  year = {2024},
  url = {https://opendyslexic.org/},
}

@misc{mathworld_affine,
  author = {Eric W. Weisstein},
  title = {Affine Transformation},
  year = {2024},
  howpublished = {From MathWorld--A Wolfram Web Resource},
  url = {https://mathworld.wolfram.com/AffineTransformation.html},
}
